@article{IEEEexample:huertas1988detecting,
  title="Detecting buildings in aerial images",
  author="Huertas, Andres and Nevatia, Ramakant",
  journal="Computer Vision, Graphics, and Image Processing",
  volume="41",
  number="2",
  pages="131--152",
  year="1988",
  publisher="Elsevier"
}
@article{IEEEexample:noronha2001detection,
  title={Detection and modeling of buildings from multiple aerial images},
  author={Noronha, Sanjay and Nevatia, Ramakant},
  journal={IEEE Transactions on pattern analysis and machine intelligence},
  volume={23},
  number={5},
  pages={501--518},
  year={2001},
  publisher={IEEE}
}
@inproceedings{IEEEexample:nosrati2009novel,
  title={A novel approach for polygonal rooftop detection in satellite/aerial imageries},
  author={Nosrati, Masoud S and Saeedi, Parvaneh},
  booktitle={Image Processing (ICIP), 2009 16th IEEE International Conference on},
  pages={1709--1712},
  year={2009},
  organization={IEEE}
}
@article{IEEEexample:izadi2012three,
  title={Three-dimensional polygonal building model estimation from single satellite images},
  author={Izadi, Mohammad and Saeedi, Parvaneh},
  journal={IEEE Transactions on Geoscience and Remote Sensing},
  volume={50},
  number={6},
  pages={2254--2272},
  year={2012},
  publisher={IEEE}
}
@article{IEEEexample:wang2015efficient,
  title={An efficient approach for automatic rectangular building extraction from very high resolution optical satellite imagery},
  author={Wang, Jun and Yang, Xiucheng and Qin, Xuebin and Ye, Xin and Qin, Qiming},
  journal={IEEE Geoscience and Remote Sensing Letters},
  volume={12},
  number={3},
  pages={487--491},
  year={2015},
  publisher={IEEE}
}
@article{IEEEexample:cote2013automatic,
  title={Automatic rooftop extraction in nadir aerial imagery of suburban regions using corners and variational level set evolution},
  author={Cote, Melissa and Saeedi, Parvaneh},
  journal={IEEE transactions on geoscience and remote sensing},
  volume={51},
  number={1},
  pages={313--328},
  year={2013},
  publisher={IEEE}
}
@article{IEEEexample:peng2005improved,
  title={An improved snake model for building detection from urban aerial images},
  author={Peng, Jing and Zhang, Dong and Liu, Yuncai},
  journal={Pattern Recognition Letters},
  volume={26},
  number={5},
  pages={587--595},
  year={2005},
  publisher={Elsevier}
}
@article{IEEEexample:sirmacek2009urban,
  title={Urban-area and building detection using SIFT keypoints and graph theory},
  author={Sirmacek, Beril and Unsalan, Cem},
  journal={IEEE Transactions on Geoscience and Remote Sensing},
  volume={47},
  number={4},
  pages={1156--1167},
  year={2009},
  publisher={IEEE}
}
@phdthesis{IEEEexample:mnih2013machine,
  title={Machine learning for aerial image labeling},
  author={Mnih, Volodymyr},
  year={2013},
  school={University of Toronto (Canada)}
}
@article{IEEEexample:saito2016multiple,
  title={Multiple object extraction from aerial imagery with convolutional neural networks},
  author={Saito, Shunta and Yamashita, Takayoshi and Aoki, Yoshimitsu},
  journal={Electronic Imaging},
  volume={2016},
  number={10},
  pages={1--9},
  year={2016},
  publisher={Society for Imaging Science and Technology}
}
@article{IEEEexample:alshehhi2017simultaneous,
  title={Simultaneous extraction of roads and buildings in remote sensing imagery with convolutional neural networks},
  author={Alshehhi, Rasha and Marpu, Prashanth Reddy and Woon, Wei Lee and Dalla Mura, Mauro},
  journal={ISPRS Journal of Photogrammetry and Remote Sensing},
  volume={130},
  pages={139--149},
  year={2017},
  publisher={Elsevier}
}
@article{IEEEexample:zhao2017contextually,
  title={Contextually guided very-high-resolution imagery classification with semantic segments},
  author={Zhao, Wenzhi and Du, Shihong and Wang, Qiao and Emery, William J},
  journal={ISPRS Journal of Photogrammetry and Remote Sensing},
  volume={132},
  pages={48--60},
  year={2017},
  publisher={Elsevier}
}
@inproceedings{IEEEexample:paisitkriangkrai2015effective,
  title={Effective semantic pixel labelling with convolutional networks and conditional random fields},
  author={Paisitkriangkrai, Sakrapee and Sherrah, Jamie and Janney, Pranam and Hengel, Van-Den and others},
  booktitle={Proceedings of the IEEE Conference on Computer Vision and Pattern Recognition Workshops},
  pages={36--43},
  year={2015}
}
@inproceedings{IEEEexample:liu2017dense,
  title={Dense Semantic Labeling of Very-High-Resolution Aerial Imagery and LiDAR with Fully-Convolutional Neural Networks and Higher-Order CRFs},
  author={Liu, Yansong and Piramanayagam, Sankaranarayanan and Monteiro, Sildomar T and Saber, Eli},
  booktitle={Proceedings of the IEEE Conference on Computer Vision and Pattern Recognition Workshops},
  pages={76--85},
  year={2017}
}
@inproceedings{IEEEexample:audebert2017deep,
  title={Deep learning for urban remote sensing},
  author={Audebert, Nicolas and Boulch, Alexandre and Randrianarivo, Hicham and Le Saux, Bertrand and Ferecatu, Marin and Lefevre, S{\'e}bastien and Marlet, Renaud},
  booktitle={Urban Remote Sensing Event (JURSE), 2017 Joint},
  pages={1--4},
  year={2017},
  organization={IEEE}
}
@article{IEEEexample:kampffmeyer2017urban,
  title={Urban land cover classification with missing data using deep convolutional neural networks},
  author={Kampffmeyer, Michael and Salberg, Arnt-B{\o}rre and Jenssen, Robert},
  journal={arXiv preprint arXiv:1709.07383},
  year={2017}
}
@article{IEEEexample:he2017multi,
  title={Multi-label Pixelwise Classification for Reconstruction of Large-scale Urban Areas},
  author={He, Yuanlie and Mudur, Sudhir and Poullis, Charalambos},
  journal={arXiv preprint arXiv:1709.07368},
  year={2017}
}
@inproceedings{IEEEexample:zhou20112,
  title={2.5 D building modeling with topology control},
  author={Zhou, Qian-Yi and Neumann, Ulrich},
  booktitle={Computer Vision and Pattern Recognition (CVPR), 2011 IEEE Conference on},
  pages={2489--2496},
  year={2011},
  organization={IEEE}
}
@InProceedings{IEEEexample:Long_2015_CVPR,
author = {Long, Jonathan and Shelhamer, Evan and Darrell, Trevor},
title = {Fully Convolutional Networks for Semantic Segmentation},
booktitle = {The IEEE Conference on Computer Vision and Pattern Recognition (CVPR)},
month = {June},
year = {2015}
} 
@article{IEEEexample:badrinarayanan2017segnet,
  title={Segnet: A deep convolutional encoder-decoder architecture for scene segmentation},
  author={Badrinarayanan, Vijay and Kendall, Alex and Cipolla, Roberto},
  journal={IEEE transactions on pattern analysis and machine intelligence},
  year={2017},
  publisher={IEEE}
}
@inproceedings{IEEEexample:hoffman2016learning,
  title={Learning with side information through modality hallucination},
  author={Hoffman, Judy and Gupta, Saurabh and Darrell, Trevor},
  booktitle={Proceedings of the IEEE Conference on Computer Vision and Pattern Recognition},
  pages={826--834},
  year={2016}
}
@article{IEEEexample:chen2016deeplab,
  title={Deeplab: Semantic image segmentation with deep convolutional nets, atrous convolution, and fully connected crfs},
  author={Chen, Liang-Chieh and Papandreou, George and Kokkinos, Iasonas and Murphy, Kevin and Yuille, Alan L},
  journal={arXiv preprint arXiv:1606.00915},
  year={2016}
}
@inproceedings{IEEEexample:vemulapalli2016gaussian,
  title={Gaussian conditional random field network for semantic segmentation},
  author={Vemulapalli, Raviteja and Tuzel, Oncel and Liu, Ming-Yu and Chellapa, Rama},
  booktitle={Proceedings of the IEEE Conference on Computer Vision and Pattern Recognition},
  pages={3224--3233},
  year={2016}
}
@inproceedings{IEEEexample:he2016deep,
  title={Deep residual learning for image recognition},
  author={He, Kaiming and Zhang, Xiangyu and Ren, Shaoqing and Sun, Jian},
  booktitle={Proceedings of the IEEE conference on computer vision and pattern recognition},
  pages={770--778},
  year={2016}
}
@inproceedings{IEEEexample:szegedy2015going,
  title={Going deeper with convolutions},
  author={Szegedy, Christian and Liu, Wei and Jia, Yangqing and Sermanet, Pierre and Reed, Scott and Anguelov, Dragomir and Erhan, Dumitru and Vanhoucke, Vincent and Rabinovich, Andrew},
  booktitle={Proceedings of the IEEE conference on computer vision and pattern recognition},
  pages={1--9},
  year={2015}
}
@inproceedings{IEEEexample:szegedy2016rethinking,
  title={Rethinking the inception architecture for computer vision},
  author={Szegedy, Christian and Vanhoucke, Vincent and Ioffe, Sergey and Shlens, Jon and Wojna, Zbigniew},
  booktitle={Proceedings of the IEEE Conference on Computer Vision and Pattern Recognition},
  pages={2818--2826},
  year={2016}
}
@inproceedings{IEEEexample:szegedy2017inception,
  title={Inception-v4, Inception-ResNet and the Impact of Residual Connections on Learning.},
  author={Szegedy, Christian and Ioffe, Sergey and Vanhoucke, Vincent and Alemi, Alexander A},
  booktitle={AAAI},
  pages={4278--4284},
  year={2017}
}
@inproceedings{IEEEexample:xie2017aggregated,
  title={Aggregated residual transformations for deep neural networks},
  author={Xie, Saining and Girshick, Ross and Doll{\'a}r, Piotr and Tu, Zhuowen and He, Kaiming},
  booktitle={2017 IEEE Conference on Computer Vision and Pattern Recognition (CVPR)},
  pages={5987--5995},
  year={2017},
  organization={IEEE}
}
@article{IEEEexample:zhao2016pyramid,
  title={Pyramid scene parsing network},
  author={Zhao, Hengshuang and Shi, Jianping and Qi, Xiaojuan and Wang, Xiaogang and Jia, Jiaya},
  journal={arXiv preprint arXiv:1612.01105},
  year={2016}
}
@inproceedings{IEEEexample:zuo2016hf,
  title={HF-FCN: Hierarchically Fused Fully Convolutional Network for Robust Building Extraction},
  author={Zuo, Tongchun and Feng, Juntao and Chen, Xuejin},
  booktitle={Asian Conference on Computer Vision},
  pages={291--302},
  year={2016},
  organization={Springer}
}
@unknown{IEEEexample:unknown,
author = {Gerke, Markus},
year = {2015},
month = {01},
pages = {},
title = {Use of the Stair Vision Library within the ISPRS 2D Semantic Labeling Benchmark (Vaihingen)}
}
@article{IEEEexample:marmanis2016semantic,
  title={Semantic segmentation of aerial images with an ensemble of CNSS},
  author={Marmanis, Dimitrios and Wegner, Jan D and Galliani, Silvano and Schindler, Konrad and Datcu, Mihai and Stilla, Uwe},
  journal={ISPRS Annals of the Photogrammetry, Remote Sensing and Spatial Information Sciences, 2016},
  volume={3},
  pages={473--480},
  year={2016},
  publisher={Copernicus Publications}
}
@inproceedings{IEEEexample:ronneberger2015u,
  title={U-net: Convolutional networks for biomedical image segmentation},
  author={Ronneberger, Olaf and Fischer, Philipp and Brox, Thomas},
  booktitle={International Conference on Medical Image Computing and Computer-Assisted Intervention},
  pages={234--241},
  year={2015},
  organization={Springer}
}
@inproceedings{IEEEexample:lin2017feature,
  title={Feature pyramid networks for object detection},
  author={Lin, Tsung-Yi and Doll{\'a}r, Piotr and Girshick, Ross and He, Kaiming and Hariharan, Bharath and Belongie, Serge},
  booktitle={CVPR},
  volume={1},
  number={2},
  pages={4},
  year={2017}
}